@incollection {Herbin2013,
    AUTHOR = {Herbin, R. and Latch\'{e}, J.-C. and Nguyen, T. T.},
     TITLE = {Explicit staggered schemes for the compressible {E}uler
              equations},
 BOOKTITLE = {Applied mathematics in {S}avoie---{AMIS} 2012: {M}ultiphase
              flow in industrial and environmental engineering},
    SERIES = {ESAIM Proc.},
    VOLUME = {40},
     PAGES = {83--102},
 PUBLISHER = {EDP Sci., Les Ulis},
      YEAR = {2013},
   MRCLASS = {65M08 (76M12)},
  MRNUMBER = {3095649},
       DOI = {10.1051/proc/201340006},
       URL = {https://doi.org/10.1051/proc/201340006},
}

@article {Berthelin2015,
    AUTHOR = {Berthelin, Florent and Goudon, Thierry and Minjeaud,
              Sebastian},
     TITLE = {Kinetic schemes on staggered grids for barotropic {E}uler
              models: entropy-stability analysis},
   JOURNAL = {Math. Comp.},
  FJOURNAL = {Mathematics of Computation},
    VOLUME = {84},
      YEAR = {2015},
    NUMBER = {295},
     PAGES = {2221--2262},
      ISSN = {0025-5718},
   MRCLASS = {65M08 (35L65 35Q31 76M12 76N99)},
  MRNUMBER = {3356025},
MRREVIEWER = {Svend Tollak Munkejord},
       DOI = {10.1090/S0025-5718-2015-02957-3},
       URL = {https://doi.org/10.1090/S0025-5718-2015-02957-3},
}

@incollection {Doyen2014,
    AUTHOR = {Doyen, D. and Gunawan, P. H.},
     TITLE = {An explicit staggered finite volume scheme for the shallow
              water equations},
 BOOKTITLE = {Finite volumes for complex applications {VII}. {M}ethods and
              theoretical aspects},
    SERIES = {Springer Proc. Math. Stat.},
    VOLUME = {77},
     PAGES = {227--235},
 PUBLISHER = {Springer, Cham},
      YEAR = {2014},
   MRCLASS = {65M08 (76B15)},
  MRNUMBER = {3213353},
       DOI = {10.1007/978-3-319-05684-5_21},
       URL = {https://doi.org/10.1007/978-3-319-05684-5_21},
}

@article {Chen2017,
    AUTHOR = {Chen, Guoxian and Noelle, Sebastian},
     TITLE = {A new hydrostatic reconstruction scheme based on subcell
              reconstructions},
   JOURNAL = {SIAM J. Numer. Anal.},
  FJOURNAL = {SIAM Journal on Numerical Analysis},
    VOLUME = {55},
      YEAR = {2017},
    NUMBER = {2},
     PAGES = {758--784},
      ISSN = {0036-1429},
   MRCLASS = {65M08 (35L60 35L65 76B15 76M12)},
  MRNUMBER = {3631390},
MRREVIEWER = {Gheorghe Procopiuc},
       DOI = {10.1137/15M1053074},
       URL = {https://doi.org/10.1137/15M1053074},
}

@book {Duchene2019,
    AUTHOR = {Duch\^ene, Vincent},
     TITLE = {Shallow-water models for water waves (Lectures in Master 2 Fundamental Mathematics and Applications, Universit\'e de Rennes 1)},
     YEAR = {2019},
}

@article {Audusse2004,
    AUTHOR = {Audusse, Emmanuel and Bouchut, Fran\c{c}ois and Bristeau,
              Marie-Odile and Klein, Rupert and Perthame, Beno\^{\i}t},
     TITLE = {A fast and stable well-balanced scheme with hydrostatic
              reconstruction for shallow water flows},
   JOURNAL = {SIAM J. Sci. Comput.},
  FJOURNAL = {SIAM Journal on Scientific Computing},
    VOLUME = {25},
      YEAR = {2004},
    NUMBER = {6},
     PAGES = {2050--2065},
      ISSN = {1064-8275},
   MRCLASS = {76M12 (65M06 76B15)},
  MRNUMBER = {2086830},
       DOI = {10.1137/S1064827503431090},
       URL = {https://doi.org/10.1137/S1064827503431090},
}

@article {Morales2013,
    AUTHOR = {Morales de Luna, T. and Castro D\'{i}az, M. J. and Par\'{e}s, C.},
     TITLE = {Reliability of first order numerical schemes for solving
              shallow water system over abrupt topography},
   JOURNAL = {Appl. Math. Comput.},
  FJOURNAL = {Applied Mathematics and Computation},
    VOLUME = {219},
      YEAR = {2013},
    NUMBER = {17},
     PAGES = {9012--9032},
      ISSN = {0096-3003},
   MRCLASS = {65M08 (76B15 76M12)},
  MRNUMBER = {3047797},
       DOI = {10.1016/j.amc.2013.03.033},
       URL = {https://doi.org/10.1016/j.amc.2013.03.033},
}
